@article{ref1,
	doi = {10.1109/tfuzz.2013.2286634},
	url = {https://doi.org/10.1109%2Ftfuzz.2013.2286634},
	year = 2014,
	month = {oct},
	publisher = {Institute of Electrical and Electronics Engineers (IEEE)},
	volume = {22},
	number = {5},
	pages = {1352--1358},
	author = {Faruk Ahmed and Swagatam Das},
	title = {Removal of High-Density Salt-and-Pepper Noise in Images With an Iterative Adaptive Fuzzy Filter Using Alpha-Trimmed Mean},
	journal = {IEEE Transactions on Fuzzy Systems}
}

@article{ref2,
	doi = {10.1080/13682199.2016.1168144},
	url = {https://doi.org/10.1080%2F13682199.2016.1168144},
	year = 2016,
	month = {apr},
	publisher = {Informa UK Limited},
	volume = {64},
	number = {5},
	pages = {241--252},
	author = {G. Balasubramanian and A. Chilambuchelvan and S. Vijayan and G. Gowrison},
	title = {An extremely fast adaptive high-performance filter to remove salt and pepper noise using overlapping medians in images},
	journal = {The Imaging Science Journal}
}

@article{ref3,
	doi = {10.1016/j.aeue.2016.01.013},
	url = {https://doi.org/10.1016%2Fj.aeue.2016.01.013},
	year = 2016,
	month = {apr},
	publisher = {Elsevier BV},
	volume = {70},
	number = {4},
	pages = {471--481},
	author = {G. Balasubramanian and A. Chilambuchelvan and S. Vijayan and G. Gowrison},
	title = {Probabilistic decision based filter to remove impulse noise using patch else trimmed median},
	journal = {{AEU} - International Journal of Electronics and Communications}
}

@article{ref4,
	doi = {10.1007/s11760-013-0487-5},
	url = {https://doi.org/10.1007%2Fs11760-013-0487-5},
	year = 2013,
	month = {jun},
	publisher = {Springer Science and Business Media {LLC}},
	volume = {8},
	number = {1},
	pages = {71--84},
	author = {Vivek Singh Bhadouria and Dibyendu Ghoshal and Abul Hasan Siddiqi},
	title = {A new approach for high density saturated impulse noise removal using decision-based coupled window median filter},
	journal = {Signal, Image and Video Processing}
}

@inproceedings{ref5,
	doi = {10.1109/iciinfs.2010.5578687},
	url = {https://doi.org/10.1109%2Ficiinfs.2010.5578687},
	year = 2010,
	month = {jul},
	publisher = {{IEEE}},
	author = {S. Deivalakshmi and P. Palanisamy},
	title = {Improved tolerance based selective arithmetic mean filter for detection and removal of impulse noise},
	booktitle = {2010 5th International Conference on Industrial and Information Systems}
}

@article{ref6,
	doi = {10.1016/j.aeue.2016.03.002},
	url = {https://doi.org/10.1016%2Fj.aeue.2016.03.002},
	year = 2016,
	month = {jun},
	publisher = {Elsevier {BV}},
	volume = {70},
	number = {6},
	pages = {757--776},
	author = {S. Deivalakshmi and P. Palanisamy},
	title = {Removal of high density salt and pepper noise through improved tolerance based selective arithmetic mean filtering with wavelet thresholding},
	journal = {{AEU} - International Journal of Electronics and Communications}
}

@article{ref7,
	doi = {10.1109/lsp.2006.884014},
	url = {https://doi.org/10.1109%2Flsp.2006.884014},
	year = 2007,
	month = {mar},
	publisher = {Institute of Electrical and Electronics Engineers ({IEEE})},
	volume = {14},
	number = {3},
	pages = {193--196},
	author = {Yiqiu Dong and Shufang Xu},
	title = {A New Directional Weighted Median Filter for Removal of Random-Valued Impulse Noise},
	journal = {{IEEE} Signal Processing Letters}
}

@article{ref8,
	doi = {10.1007/s11042-019-08110-1},
	url = {https://doi.org/10.1007%2Fs11042-019-08110-1},
	year = 2019,
	month = {sep},
	publisher = {Springer Science and Business Media {LLC}},
	volume = {78},
	number = {24},
	pages = {35401--35418},
	author = {Serdar Engino{\u{g}}lu and U{\u{g}}ur Erkan and Samet Memi{\c{s}}},
	title = {Pixel similarity-based adaptive Riesz mean filter for salt-and-pepper noise removal},
	journal = {Multimedia Tools and Applications}
}

@article{ref9,
	doi = {10.1049/iet-ipr.2019.0398},
	url = {https://doi.org/10.1049%2Fiet-ipr.2019.0398},
	year = 2020,
	month = {apr},
	publisher = {Institution of Engineering and Technology ({IET})},
	volume = {14},
	number = {7},
	pages = {1291--1302},
	author = {U{\u{g}}ur Erkan and Serdar Engino{\u{g}}lu and Dang N.H. Thanh and Le Minh Hieu},
	title = {Adaptive frequency median filter for the salt and pepper denoising problem},
	journal = {{IET} Image Processing}
}

@article{ref10,
  title = {Different Applied Median Filter in Salt and Pepper Noise},
  author = {Erkan, U{\u g}ur and G{\"o}krem, Levent and Engino{\u g}lu, Serdar},
  year = {2018},
  month = aug,
  journal = {Computers \& Electrical Engineering},
  volume = {70},
  pages = {789--798},
  issn = {00457906},
  doi = {10.1016/j.compeleceng.2018.01.019},
  langid = {english},
  keywords = {/unread},
  file = {C\:\\Users\\Accidia\\Zotero\\storage\\6HMT3EY8\\Erkan et al_2018_Different applied median filter in salt and pepper noise.pdf}
}

@article{ref40,
	doi = {10.1016/j.compeleceng.2018.01.019},
	url = {https://doi.org/10.1016%2Fj.compeleceng.2018.01.019},
	year = 2018,
	month = {aug},
	publisher = {Elsevier {BV}},
	volume = {70},
	pages = {789--798},
	author = {U{\u{g}}ur Erkan and Levent GÃ¶krem and Serdar Engino{\u{g}}lu},
	title = {Different applied median filter in salt and pepper noise},
	journal = {Computers {\&}amp$\mathsemicolon$ Electrical Engineering}
}

@article{ref11,
	doi = {10.1109/lsp.2011.2122333},
	url = {https://doi.org/10.1109%2Flsp.2011.2122333},
	year = 2011,
	month = {may},
	publisher = {Institute of Electrical and Electronics Engineers ({IEEE})},
	volume = {18},
	number = {5},
	pages = {287--290},
	author = {S. Esakkirajan and T. Veerakumar and Adabala N. Subramanyam and C. H. PremChand},
	title = {Removal of High Density Salt and Pepper Noise Through Modified Decision Based Unsymmetric Trimmed Median Filter},
	journal = {{IEEE} Signal Processing Letters}
}

@article{ref12,
	doi = {10.1016/j.aeue.2016.04.018},
	url = {https://doi.org/10.1016%2Fj.aeue.2016.04.018},
	year = 2016,
	month = {aug},
	publisher = {Elsevier {BV}},
	volume = {70},
	number = {8},
	pages = {1034--1040},
	author = {Osama S. Faragallah and Hani M. Ibrahem},
	title = {Adaptive switching weighted median filter framework for suppressing salt-and-pepper noise},
	journal = {{AEU} - International Journal of Electronics and Communications}
}

@article{ref13,
	doi = {10.1007/s11760-020-01695-3},
	url = {https://doi.org/10.1007%2Fs11760-020-01695-3},
	year = 2020,
	month = {may},
	publisher = {Springer Science and Business Media {LLC}},
	volume = {14},
	number = {8},
	pages = {1555--1563},
	author = {Bharat Garg},
	title = {Restoration of highly salt-and-pepper-noise-corrupted images using novel adaptive trimmed median filter},
	journal = {Signal, Image and Video Processing}
}

@article{ref14,
	doi = {10.1504/ijahuc.2020.10032015},
	url = {https://doi.org/10.1504%2Fijahuc.2020.10032015},
	year = 2020,
	publisher = {Inderscience Publishers},
	volume = {35},
	number = {2},
	pages = {84},
	author = {Bharat Garg},
	title = {An adaptive minimum-maximum value-based weighted median filter for removing high density salt and pepper noise in medical images},
	journal = {International Journal of Ad Hoc and Ubiquitous Computing}
}

@article{ref15,
	doi = {10.1007/s11042-020-09557-3},
	url = {https://doi.org/10.1007%2Fs11042-020-09557-3},
	year = 2020,
	month = {aug},
	publisher = {Springer Science and Business Media {LLC}},
	volume = {79},
	number = {43-44},
	pages = {32305--32329},
	author = {Bharat Garg and K. V. Arya},
	title = {Four stage median-average filter for healing high density salt and pepper noise corrupted images},
	journal = {Multimedia Tools and Applications}
}

@article{ref16,
	doi = {10.1109/83.370679},
	url = {https://doi.org/10.1109%2F83.370679},
	year = 1995,
	month = {apr},
	publisher = {Institute of Electrical and Electronics Engineers ({IEEE})},
	volume = {4},
	number = {4},
	pages = {499--502},
	author = {H. Hwang and R.A. Haddad},
	title = {Adaptive median filters: new algorithms and results},
	journal = {{IEEE} Transactions on Image Processing}
}

@article{ref17,
	doi = {10.1016/j.patrec.2016.06.026},
	url = {https://doi.org/10.1016%2Fj.patrec.2016.06.026},
	year = 2016,
	month = {sep},
	publisher = {Elsevier {BV}},
	volume = {80},
	pages = {188--199},
	author = {Ching-Ta Lu and Yung-Yue Chen and Ling-Ling Wang and Chun-Fan Chang},
	title = {Removal of salt-and-pepper noise in corrupted image using three-values-weighted approach with variable-size window},
	journal = {Pattern Recognition Letters}
}

@article{ref18,
	doi = {10.1016/j.patrec.2012.03.025},
	url = {https://doi.org/10.1016%2Fj.patrec.2012.03.025},
	year = 2012,
	month = {jul},
	publisher = {Elsevier {BV}},
	volume = {33},
	number = {10},
	pages = {1287--1295},
	author = {Ching-Ta Lu and Tzu-Chun Chou},
	title = {Denoising of salt-and-pepper noise corrupted image using modified directional-weighted-median filter},
	journal = {Pattern Recognition Letters}
}

@article{ref19,
	doi = {10.1016/j.aeue.2014.06.006},
	url = {https://doi.org/10.1016%2Fj.aeue.2014.06.006},
	year = 2014,
	month = {dec},
	publisher = {Elsevier {BV}},
	volume = {68},
	number = {12},
	pages = {1173--1179},
	author = {Saroj K. Meher and Brijraj Singhawat},
	title = {An improved recursive and adaptive median filter for high density impulse noise},
	journal = {{AEU} - International Journal of Electronics and Communications}
}

@article{ref20,
	doi = {10.1109/tip.2005.871129},
	url = {https://doi.org/10.1109%2Ftip.2005.871129},
	year = 2006,
	month = {jun},
	publisher = {Institute of Electrical and Electronics Engineers ({IEEE})},
	volume = {15},
	number = {6},
	pages = {1506--1516},
	author = {Pei-Eng Ng and  Kai-Kuang Ma},
	title = {A switching median filter with boundary discriminative noise detection for extremely corrupted images},
	journal = {{IEEE} Transactions on Image Processing}
}

@article{ref21,
	doi = {10.1016/j.aeue.2016.12.006},
	url = {https://doi.org/10.1016%2Fj.aeue.2016.12.006},
	year = 2017,
	month = {feb},
	publisher = {Elsevier {BV}},
	volume = {72},
	pages = {114--124},
	author = {Amarjit Roy and Rabul Hussain Laskar},
	title = {Non-casual linear prediction based adaptive filter for removal of high density impulse noise from color images},
	journal = {{AEU} - International Journal of Electronics and Communications}
}

@article{ref22,
	doi = {10.1109/lsp.2020.3016868},
	url = {https://doi.org/10.1109%2Flsp.2020.3016868},
	year = 2020,
	publisher = {Institute of Electrical and Electronics Engineers ({IEEE})},
	volume = {27},
	pages = {1475--1479},
	author = {Piyush Satti and Nikhil Sharma and Bharat Garg},
	title = {Min-Max Average Pooling Based Filter for Impulse Noise Removal},
	journal = {{IEEE} Signal Processing Letters}
}

@article{ref23,
	doi = {10.1007/s11277-021-08314-5},
	url = {https://doi.org/10.1007%2Fs11277-021-08314-5},
	year = 2021,
	month = {mar},
	publisher = {Springer Science and Business Media {LLC}},
	volume = {119},
	number = {3},
	pages = {1975--1992},
	author = {Nikhil Sharma and Prateek Jeet Singh Sohi and Bharat Garg},
	title = {An Adaptive Weighted Min-Mid-Max Value Based Filter for Eliminating High Density Impulsive Noise},
	journal = {Wireless Personal Communications}
}

@inproceedings{ref24,
	doi = {10.1109/icit.2002.1189304},
	url = {https://doi.org/10.1109%2Ficit.2002.1189304},
	publisher = {{IEEE}},
	author = {K.M. Singh and P.K. Bora and S.B. Singh},
	title = {Rank-ordered mean filter for removal of impulse noise from images},
	booktitle = {2002 {IEEE} International Conference on Industrial Technology, 2002. {IEEE} {ICIT} {\textquotesingle}02.}
}

@incollection{ref25,
	doi = {10.1007/978-981-15-6067-5_18},
	url = {https://doi.org/10.1007%2F978-981-15-6067-5_18},
	year = 2020,
	month = {sep},
	publisher = {Springer Singapore},
	pages = {150--162},
	author = {Prateek Jeet Singh Sohi and Nikhil Sharma and Bharat Garg and K. V. Arya},
	title = {Noise Density Range Sensitive Mean-Median Filter for Impulse Noise Removal},
	booktitle = {Advances in Intelligent Systems and Computing}
}

@article{ref26,
	doi = {10.1109/lsp.2006.884018},
	url = {https://doi.org/10.1109%2Flsp.2006.884018},
	year = 2007,
	month = {mar},
	publisher = {Institute of Electrical and Electronics Engineers ({IEEE})},
	volume = {14},
	number = {3},
	pages = {189--192},
	author = {K. S. Srinivasan and D. Ebenezer},
	title = {A New Fast and Efficient Decision-Based Algorithm for Removal of High-Density Impulse Noises},
	journal = {{IEEE} Signal Processing Letters}
}

@article{ref27,
	doi = {10.1016/j.procs.2015.06.069},
	url = {https://doi.org/10.1016%2Fj.procs.2015.06.069},
	year = 2015,
	publisher = {Elsevier {BV}},
	volume = {54},
	pages = {595--604},
	author = {K. Vasanth and T.G. Manjunath and S. Nirmal Raj},
	title = {A Decision Based Unsymmetrical Trimmed Modified Winsorized Mean Filter for the Removal of High Density Salt and Pepper Noise in Images and Videos},
	journal = {Procedia Computer Science}
}

@article{ref28,
	doi = {10.1007/s11760-013-0517-3},
	url = {https://doi.org/10.1007%2Fs11760-013-0517-3},
	year = 2013,
	month = {jun},
	publisher = {Springer Science and Business Media {LLC}},
	volume = {8},
	number = {1},
	pages = {159--168},
	author = {T. Veerakumar and S. Esakkirajan and Ila Vennila},
	title = {Recursive cubic spline interpolation filter approach for the removal of high density salt-and-pepper noise},
	journal = {Signal, Image and Video Processing}
}

@article{ref29,
	doi = {10.1016/j.aeue.2014.06.002},
	url = {https://doi.org/10.1016%2Fj.aeue.2014.06.002},
	year = 2014,
	month = {dec},
	publisher = {Elsevier {BV}},
	volume = {68},
	number = {12},
	pages = {1145--1155},
	author = {V.R. Vijaykumar and G. Santhana Mari and D. Ebenezer},
	title = {Fast switching based median{\textendash}mean filter for high density salt and pepper noise removal},
	journal = {{AEU} - International Journal of Electronics and Communications}
}

@article{ref30,
	doi = {10.1016/j.jvcir.2016.03.024},
	url = {https://doi.org/10.1016%2Fj.jvcir.2016.03.024},
	year = 2016,
	month = {jul},
	publisher = {Elsevier {BV}},
	volume = {38},
	pages = {440--450},
	author = {Xiaotian Wang and Shanshan Shen and Guangming Shi and Yuannan Xu and Peiyu Zhang},
	title = {Iterative non-local means filter for salt and pepper noise removal},
	journal = {Journal of Visual Communication and Image Representation}
}

@article{ref31,
	doi = {10.1109/lsp.2002.805310},
	url = {https://doi.org/10.1109%2Flsp.2002.805310},
	year = 2002,
	month = {nov},
	publisher = {Institute of Electrical and Electronics Engineers ({IEEE})},
	volume = {9},
	number = {11},
	pages = {360--363},
	author = {Shuqun Zhang and M.A. Karim},
	title = {A new impulse detector for switching median filters},
	journal = {{IEEE} Signal Processing Letters}
}

@article{ref32,
	doi = {10.1109/lsp.2014.2333012},
	url = {https://doi.org/10.1109%2Flsp.2014.2333012},
	year = 2014,
	month = {oct},
	publisher = {Institute of Electrical and Electronics Engineers ({IEEE})},
	volume = {21},
	number = {10},
	pages = {1280--1283},
	author = {Peixuan Zhang and Fang Li},
	title = {A New Adaptive Weighted Mean Filter for Removing Salt-and-Pepper Noise},
	journal = {{IEEE} Signal Processing Letters}
}