@misc{kangPatchShuffleRegularization2017,
  title = {{{PatchShuffle Regularization}}},
  author = {Kang, Guoliang and Dong, Xuanyi and Zheng, Liang and Yang, Yi},
  year = {2017},
  month = jul,
  number = {arXiv:1707.07103},
  eprint = {1707.07103},
  eprinttype = {arxiv},
  primaryclass = {cs},
  archiveprefix = {arXiv},
  langid = {english},
  keywords = {Computer Science - Computer Vision and Pattern Recognition}
}

@article{natarajanContrastEnhancementBased2022,
  title = {Contrast {{Enhancement Based Image Detection Using Edge Preserved Key Pixel Point Filtering}}},
  author = {Natarajan, Balakrishnan and Krishnan, Pushpalatha},
  year = {2022},
  journal = {Computer Systems Science and Engineering},
  volume = {42},
  number = {2},
  pages = {423--438},
  issn = {0267-6192},
  doi = {10.32604/csse.2022.022376},
  langid = {english}
}

@article{PreprintRepositoryArXiv2014,
  title = {Preprint Repository {{arXiv}} Achieves Milestone Million Uploads},
  year = {2014},
  journal = {Physics Today},
  issn = {19450699},
  doi = {10.1063/PT.5.028530},
  langid = {english},
  keywords = {/unread}
}

@misc{satpathyAdaptiveNonlinearFiltering2022,
  title = {Adaptive {{Non-linear Filtering Technique}} for {{Image Restoration}}},
  author = {Satpathy, S. K. and Panda, S. and Nagwanshi, K. K. and Nayak, S. K. and Ardil, C.},
  year = {2022},
  month = apr,
  number = {arXiv:2204.09302},
  eprint = {2204.09302},
  eprinttype = {arxiv},
  primaryclass = {cs},
  doi = {10.48550/arXiv.2204.09302},
  archiveprefix = {arXiv},
  langid = {english},
  keywords = {Computer Science - Computer Vision and Pattern Recognition,I.4,I.6}
}

@article{tuTwoWayRecursiveFiltering2021,
  title = {Two-{{Way Recursive Filtering}}},
  author = {Tu, Wei-Chih and Chien, Shao-Yi},
  year = {2021},
  month = nov,
  journal = {IEEE Transactions on Circuits and Systems for Video Technology},
  volume = {31},
  number = {11},
  pages = {4255--4268},
  issn = {1051-8215, 1558-2205},
  doi = {10.1109/TCSVT.2021.3049833},
  langid = {english},
  keywords = {/unread}
}
